@book{DBLP:books/daglib/0030106,
	author = {Seidl, Helmut and Wilhelm, Reinhard and Hack, Sebastian},
	bibsource = {dblp computer science bibliography, http://dblp.org},
	biburl = {http://dblp.uni-trier.de/rec/bib/books/daglib/0030106},
	doi = {10.1007/978-3-642-17548-0},
	isbn = {978-3-642-17547-3},
	publisher = {Springer},
	timestamp = {Fri, 09 Nov 2012 14:42:08 +0100},
	title = {Compiler Design - Analysis and Transformation},
	url = {http://dx.doi.org/10.1007/978-3-642-17548-0},
	year = {2012}
}

@inproceedings{Choi:1999:EAJ:320384.320386,
	acmid = {320386},
	address = {New York, NY, USA},
	author = {Choi, Jong-Deok and Gupta, Manish and Serrano, Mauricio and Sreedhar, Vugranam C. and Midkiff, Sam},
	booktitle = {Proceedings of the 14th ACM SIGPLAN Conference on Object-oriented Programming, Systems, Languages, and Applications},
	doi = {10.1145/320384.320386},
	isbn = {1-58113-238-7},
	location = {Denver, Colorado, USA},
	numpages = {19},
	pages = {1--19},
	publisher = {ACM},
	series = {OOPSLA '99},
	title = {Escape Analysis for Java},
	url = {http://doi.acm.org/10.1145/320384.320386},
	year = {1999}
}

@article{Knuth:1964:BNF:355588.365140,
	acmid = {365140},
	address = {New York, NY, USA},
	author = {Knuth, Donald E.},
	doi = {10.1145/355588.365140},
	issn = {0001-0782},
	issue_date = {Dec. 1964},
	journal = {Commun. ACM},
	month = dec,
	number = {12},
	numpages = {2},
	pages = {735--736},
	publisher = {ACM},
	title = {Backus Normal Form vs. Backus Naur Form},
	url = {http://doi.acm.org/10.1145/355588.365140},
	volume = {7},
	year = {1964}
}

@misc{WLS,
	author = {Pearce, David J.},
	howpublished = {\href{http://whiley.org/download/WhileyLanguageSpec.pdf}{\path{whiley.org/download/WhileyLanguageSpec.pdf}}},
	note = {Retrieved 2016-05-01},
	title = {The Whiley Language Specification}
}

@misc{WYAUTL,
	author = {Pearce, David J.},
	howpublished = {\href{http://whiley.org/2011/09/20/the-whiley-automata-library-wyautl/}{\path{whiley.org/2011/09/20/the-whiley-automata-library-wyautl/}}},
	note = {Retrieved 2016-05-01},
	title = {The Whiley Automata Library (WYAUTL)}
}

@misc{RustHomepage,
	author = {{Rust Team}},
	howpublished = {\href{https://www.rust-lang.org/}{www.rust-lang.org}},
	note = {Retrieved 2016-05-01},
	title = {Rust Homepage}
}

@misc{RustBook,
	author = {{Rust Team}},
	howpublished = {\href{https://doc.rust-lang.org/book/}{\path{doc.rust-lang.org/book/}}},
	note = {Retrieved 2016-05-01},
	title = {The Rust Programming Language}
}

@misc{Rustonomicon,
	author = {{Rust Team}},
	howpublished = {\href{https://doc.rust-lang.org/nomicon/}{\path{doc.rust-lang.org/nomicon/}}},
	note = {Retrieved 2016-05-01},
	title = {The Rustonomicon - The Dark Arts of Advanced and Unsafe Rust Programming}
}

@misc{RustBenchmarks,
	author = {{Benchmarks Game}},
	howpublished = {\href{http://benchmarksgame.alioth.debian.org/u64q/rust.html}{\path{benchmarksgame.alioth.debian.org/u64q/rust.html}}},
	note = {Retrieved 2016-05-01},
	title = {Rust programs versus C gcc}
}

@article{Patina,
	author = {Reed, Eric},
	journal = {University of Washington, Department of Computer Science and Engineering, Tech. Rep. UW-CSE-15-03-02},
	title = {Patina: A formalization of the Rust programming language},
	year = {2015}
}

@inproceedings{IntegerRangeAnalysis,
	author = {Pearce, David J},
	booktitle = {Object/Component/Service-Oriented Real-Time Distributed Computing Workshops (ISORCW), 2015 IEEE International Symposium on},
	organization = {IEEE},
	pages = {26--33},
	title = {Integer range analysis for Whiley on embedded systems},
	year = {2015}
}

@mastersthesis{Matt,
	author = {Stevens, Matt},
	school = {Victoria University of Wellington},
	title = {Demonstrating Whiley on an Embedded System},
	type = {Bachelor's thesis},
	year = {2014}
}

@article{andreae2007scoped,
	author = {Andreae, Chris and Coady, Yvonne and Gibbs, Celina and Noble, James and Vitek, Jan and Zhao, Tian},
	journal = {Real-Time Systems},
	number = {1},
	pages = {1--44},
	publisher = {Springer},
	title = {Scoped types and aspects for real-time Java memory management},
	volume = {37},
	year = {2007}
}

@misc{RustCycles,
	author = {Matsakis, Nicholas D.},
	howpublished = {\href{http://smallcultfollowing.com/babysteps/blog/2015/04/29/on-reference-counting-and-leaks/}{\path{smallcultfollowing.com/babysteps/blog/2015/04/29/on-reference-counting-and-leaks/}}},
	note = {Retrieved 2016-05-01},
	title = {On Reference-counting and Leaks}
}

@book{pearce2011algorithmic,
	author = {Pearce, David J},
	publisher = {School of Engineering and Computer Science, Victoria University of Wellington},
	title = {An Algorithmic Framework for Recursive Structural Types},
	year = {2011}
}

@article{o2007resources,
	author = {O{\rq}Hearn, Peter W},
	journal = {Theoretical computer science},
	number = {1},
	pages = {271--307},
	publisher = {Elsevier},
	title = {Resources, concurrency, and local reasoning},
	volume = {375},
	year = {2007}
}

@article{Cyclone2002,
	acmid = {512563},
	address = {New York, NY, USA},
	author = {Grossman, Dan and Morrisett, Greg and Jim, Trevor and Hicks, Michael and Wang, Yanling and Cheney, James},
	doi = {10.1145/543552.512563},
	issn = {0362-1340},
	issue_date = {May 2002},
	journal = {SIGPLAN Not.},
	month = may,
	number = {5},
	numpages = {12},
	pages = {282--293},
	publisher = {ACM},
	title = {Region-based Memory Management in Cyclone},
	url = {http://doi.acm.org/10.1145/543552.512563},
	volume = {37},
	year = {2002}
}

@inproceedings{RegionJava,
	acmid = {1029884},
	address = {New York, NY, USA},
	author = {Cherem, Sigmund and Rugina, Radu},
	booktitle = {Proceedings of the 4th International Symposium on Memory Management},
	doi = {10.1145/1029873.1029884},
	isbn = {1-58113-945-4},
	keywords = {pointer analysis, program transformations, region-based memory management},
	location = {Vancouver, BC, Canada},
	numpages = {12},
	pages = {85--96},
	publisher = {ACM},
	series = {ISMM '04},
	title = {Region Analysis and Transformation for Java Programs},
	url = {http://doi.acm.org/10.1145/1029873.1029884},
	year = {2004}
}

@inproceedings{PoolAllocation,
	acmid = {780743},
	address = {New York, NY, USA},
	author = {Dhurjati, Dinakar and Kowshik, Sumant and Adve, Vikram and Lattner, Chris},
	booktitle = {Proceedings of the 2003 ACM SIGPLAN Conference on Language, Compiler, and Tool for Embedded Systems},
	doi = {10.1145/780732.780743},
	isbn = {1-58113-647-1},
	keywords = {automatic pool allocation, compilers, embedded systems, programming languages, region management, security, static analysis},
	location = {San Diego, California, USA},
	numpages = {12},
	pages = {69--80},
	publisher = {ACM},
	series = {LCTES '03},
	title = {Memory Safety Without Runtime Checks or Garbage Collection},
	url = {http://doi.acm.org/10.1145/780732.780743},
	year = {2003}
}

@inproceedings{Clarke:1998:OTF:286936.286947,
	acmid = {286947},
	address = {New York, NY, USA},
	author = {Clarke, David G. and Potter, John M. and Noble, James},
	booktitle = {Proceedings of the 13th ACM SIGPLAN Conference on Object-oriented Programming, Systems, Languages, and Applications},
	doi = {10.1145/286936.286947},
	isbn = {1-58113-005-8},
	keywords = {alias protection, containment, ownership, programming language design, representation exposure, sharing},
	location = {Vancouver, British Columbia, Canada},
	numpages = {17},
	pages = {48--64},
	publisher = {ACM},
	series = {OOPSLA '98},
	title = {Ownership Types for Flexible Alias Protection},
	url = {http://doi.acm.org/10.1145/286936.286947},
	year = {1998}
}

@inproceedings{Boyapati:2003:OTS:781131.781168,
	acmid = {781168},
	address = {New York, NY, USA},
	author = {Boyapati, Chandrasekhar and Salcianu, Alexandru and Beebee, Jr., William and Rinard, Martin},
	booktitle = {Proceedings of the ACM SIGPLAN 2003 Conference on Programming Language Design and Implementation},
	doi = {10.1145/781131.781168},
	isbn = {1-58113-662-5},
	keywords = {encapsulation, ownership types, real-time, regions},
	location = {San Diego, California, USA},
	numpages = {14},
	pages = {324--337},
	publisher = {ACM},
	series = {PLDI '03},
	title = {Ownership Types for Safe Region-based Memory Management in Real-time Java},
	url = {http://doi.acm.org/10.1145/781131.781168},
	year = {2003}
}

@inproceedings{Potanin:2006:GOG:1167473.1167500,
	acmid = {1167500},
	address = {New York, NY, USA},
	author = {Potanin, Alex and Noble, James and Clarke, Dave and Biddle, Robert},
	booktitle = {Proceedings of the 21st Annual ACM SIGPLAN Conference on Object-oriented Programming Systems, Languages, and Applications},
	doi = {10.1145/1167473.1167500},
	isbn = {1-59593-348-4},
	keywords = {Java, generics, ownership, type systems},
	location = {Portland, Oregon, USA},
	numpages = {14},
	pages = {311--324},
	publisher = {ACM},
	series = {OOPSLA '06},
	title = {Generic Ownership for Generic Java},
	url = {http://doi.acm.org/10.1145/1167473.1167500},
	year = {2006}
}

@inproceedings{Aldrich:2002:AAP:582419.582448,
	acmid = {582448},
	address = {New York, NY, USA},
	author = {Aldrich, Jonathan and Kostadinov, Valentin and Chambers, Craig},
	booktitle = {Proceedings of the 17th ACM SIGPLAN Conference on Object-oriented Programming, Systems, Languages, and Applications},
	doi = {10.1145/582419.582448},
	isbn = {1-58113-471-1},
	keywords = {aliasing, aliasjava, encapsulation, java, ownership types, type inference, uniqueness},
	location = {Seattle, Washington, USA},
	numpages = {20},
	pages = {311--330},
	publisher = {ACM},
	series = {OOPSLA '02},
	title = {Alias Annotations for Program Understanding},
	url = {http://doi.acm.org/10.1145/582419.582448},
	year = {2002}
}

@inproceedings{Brandauer:2015:DDF:2814270.2814280,
	acmid = {2814280},
	address = {New York, NY, USA},
	author = {Brandauer, Stephan and Clarke, Dave and Wrigstad, Tobias},
	booktitle = {Proceedings of the 2015 ACM SIGPLAN International Conference on Object-Oriented Programming, Systems, Languages, and Applications},
	doi = {10.1145/2814270.2814280},
	isbn = {978-1-4503-3689-5},
	keywords = {Aliasing, linear types, mutable state, type systems, uniqueness},
	location = {Pittsburgh, PA, USA},
	numpages = {19},
	pages = {898--916},
	publisher = {ACM},
	series = {OOPSLA 2015},
	title = {Disjointness Domains for Fine-grained Aliasing},
	url = {http://doi.acm.org/10.1145/2814270.2814280},
	year = {2015}
}

@inproceedings{reynolds2002separation,
	author = {Reynolds, John C},
	booktitle = {Logic in Computer Science, 2002. Proceedings. 17th Annual IEEE Symposium on},
	organization = {IEEE},
	pages = {55--74},
	title = {Separation logic: A logic for shared mutable data structures},
	year = {2002}
}

@article{Hoare:1969:ABC:363235.363259,
	acmid = {363259},
	address = {New York, NY, USA},
	author = {Hoare, C. A. R.},
	doi = {10.1145/363235.363259},
	issn = {0001-0782},
	issue_date = {Oct. 1969},
	journal = {Commun. ACM},
	keywords = {axiomatic method, formal language definition, machine-independent programming, program documentation, programming language design, theory of programming' proofs of programs},
	month = oct,
	number = {10},
	numpages = {5},
	pages = {576--580},
	publisher = {ACM},
	title = {An Axiomatic Basis for Computer Programming},
	url = {http://doi.acm.org/10.1145/363235.363259},
	volume = {12},
	year = {1969}
}

@inproceedings{Tuch:2007:TBS:1190216.1190234,
	acmid = {1190234},
	address = {New York, NY, USA},
	author = {Tuch, Harvey and Klein, Gerwin and Norrish, Michael},
	booktitle = {Proceedings of the 34th Annual ACM SIGPLAN-SIGACT Symposium on Principles of Programming Languages},
	doi = {10.1145/1190216.1190234},
	isbn = {1-59593-575-4},
	keywords = {C, interactive theorem proving, separation logic},
	location = {Nice, France},
	numpages = {12},
	pages = {97--108},
	publisher = {ACM},
	series = {POPL '07},
	title = {Types, Bytes, and Separation Logic},
	url = {http://doi.acm.org/10.1145/1190216.1190234},
	year = {2007}
}

@inbook{Bevan1987,
	address = {Berlin, Heidelberg},
	author = {Bevan, DI},
	chapter = {Distributed garbage collection using reference counting},
	doi = {10.1007/3-540-17945-3_10},
	editor = {de Bakker, J. W. and Nijman, A. J. and Treleaven, P. C.},
	isbn = {978-3-540-47181-3},
	pages = {176--187},
	publisher = {Springer Berlin Heidelberg},
	title = {PARLE Parallel Architectures and Languages Europe: Volume II: Parallel Languages Eindhoven, The Netherlands, June 15--19, 1987 Proceedings},
	url = {http://dx.doi.org/10.1007/3-540-17945-3_10},
	year = {1987}
}

@inproceedings{Zorn:1990:CMS:91556.91597,
	acmid = {91597},
	address = {New York, NY, USA},
	author = {Zorn, Benjamin},
	booktitle = {Proceedings of the 1990 ACM Conference on LISP and Functional Programming},
	doi = {10.1145/91556.91597},
	isbn = {0-89791-368-X},
	location = {Nice, France},
	numpages = {12},
	pages = {87--98},
	publisher = {ACM},
	series = {LFP '90},
	title = {Comparing Mark-and Sweep and Stop-and-copy Garbage Collection},
	url = {http://doi.acm.org/10.1145/91556.91597},
	year = {1990}
}

@book{Venners:1996:IJV:541297,
	address = {New York, NY, USA},
	author = {Venners, Bill},
	isbn = {0079132480},
	publisher = {McGraw-Hill, Inc.},
	title = {Inside the Java Virtual Machine},
	year = {1996}
}

@misc{kahn1998mechanism,
	author = {Kahn, Opher D and Spillinger, Ilan Y and Yoaz, Adi},
	month = oct # {~13},
	note = {US Patent 5,822,788},
	publisher = {Google Patents},
	title = {Mechanism for prefetching targets of memory de-reference operations in a high-performance processor},
	year = {1998}
}

